<record><leader>00000cas a22000007a 4500</leader><controlfield tag="001">20719101</controlfield><controlfield tag="008">891201d18561856moudn ne      0    0eng d</controlfield><datafield ind1=" " ind2=" " tag="010"><subfield code="a">sn 89067644 </subfield></datafield><datafield ind1=" " ind2=" " tag="040"><subfield code="a">MQN</subfield><subfield code="b">eng</subfield><subfield code="c">MQN</subfield><subfield code="d">OCLCQ</subfield></datafield><datafield ind1=" " ind2=" " tag="042"><subfield code="a">msc</subfield></datafield><datafield ind1="0" ind2="0" tag="245"><subfield code="a">St. Louis daily leader.</subfield></datafield><datafield ind1="3" ind2="0" tag="246"><subfield code="a">Saint Louis daily leader</subfield></datafield><datafield ind1=" " ind2=" " tag="260"><subfield code="a">St. Louis, Mo. :</subfield><subfield code="b">J.V. Huntington,</subfield><subfield code="c">1856.</subfield></datafield><datafield ind1=" " ind2=" " tag="300"><subfield code="a">v.</subfield></datafield><datafield ind1=" " ind2=" " tag="310"><subfield code="a">Daily (except Sun.)</subfield></datafield><datafield ind1="0" ind2=" " tag="362"><subfield code="a">Vol. 1, no. 1 (July 1, 1856)-v. 1, no. 87 (Oct. 11, 1856).</subfield></datafield><datafield ind1=" " ind2=" " tag="752"><subfield code="a">United States</subfield><subfield code="b">Missouri</subfield><subfield code="d">Saint Louis.</subfield></datafield><datafield ind1="0" ind2=" " tag="775"><subfield code="t">Leader (Saint Louis, Mo.)</subfield><subfield code="w">(DLC)sn 89067643</subfield></datafield><datafield ind1="0" ind2="0" tag="785"><subfield code="t">Saint Louis leader (Saint Louis, Mo. : 1856 : Daily)</subfield><subfield code="w">(DLC)sn 89067645</subfield></datafield></record>